@article{krugman1978contractionary,
  title={Contractionary effects of devaluation},
  author={Krugman, Paul and Taylor, Lance},
  journal={Journal of international economics},
  volume={8},
  number={3},
  pages={445--456},
  year={1978},
  publisher={Elsevier}
}


@article{chib1995marginal,
  title={Marginal likelihood from the Gibbs output},
  author={Chib, Siddhartha},
  journal={Journal of the american statistical association},
  volume={90},
  number={432},
  pages={1313--1321},
  year={1995},
  publisher={Taylor \& Francis Group}
}

@article{krugman1978contractionary,
  title={Contractionary effects of devaluation},
  author={Krugman, Paul and Taylor, Lance},
  journal={Journal of international economics},
  volume={8},
  number={3},
  pages={445--456},
  year={1978},
  publisher={Elsevier}
}


@article{schroder2013should,
  title={Should developing countries undervalue their currencies?},
  author={Schr{\"o}der, Marcel},
  journal={Journal of Development Economics},
  volume={105},
  pages={140--151},
  year={2013},
  publisher={Elsevier}
}


@article{rodrik2008real,
  title={The real exchange rate and economic growth},
  author={Rodrik, Dani},
  journal={Brookings papers on economic activity},
  volume={2008},
  number={2},
  pages={365--412},
  year={2008},
  publisher={Brookings Institution Press}
}



@article{eduardo2013fear,
  title={Fear of appreciation},
  author={Eduardo, Levy-Yeyati and Sturzenegger, Federico and Gluzmann, Pablo},
  journal={Journal of Development Economics},
  volume={101},
  number={C},
  pages={233--247},
  year={2013},
  publisher={Elsevier}
}

@techreport{eduardo2007fear,
  title={Fear of appreciation},
  author={Eduardo, Levy-Yeyati and Sturzenegger, Federico},
  year={2007},
  institution={The World Bank}
}



@techreport{edwards1985devaluations,
  title={Are devaluations contractionary?},
  author={Edwards, Sebastian},
  year={1985},
  institution={National Bureau of Economic Research}
}



@article{gala2007real,
  title={Real exchange rate levels and economic development: theoretical analysis and econometric evidence},
  author={Gala, Paulo},
  journal={Cambridge Journal of economics},
  volume={32},
  number={2},
  pages={273--288},
  year={2007},
  publisher={Cambridge Political Economy Society}
}


@article{caglayan2019exchange,
  title={Exchange rate movements, export sophistication and direction of trade: the development channel and North--South trade flows},
  author={Caglayan, Mustafa and Demir, Firat},
  journal={Cambridge Journal of Economics},
  volume={43},
  number={6},
  pages={1623--1652},
  year={2019},
  publisher={Oxford University Press UK}
}


@article{blecker2008fallacy,
  title={The fallacy of composition and contractionary devaluations: output effects of real exchange rate shocks in semi-industrialised countries},
  author={Blecker, Robert A and Razmi, Arslan},
  journal={Cambridge Journal of Economics},
  volume={32},
  number={1},
  pages={83--109},
  year={2008},
  publisher={Oxford University Press}
}


@article{rapetti2012real,
  title={The real exchange rate and economic growth: are developing countries different?},
  author={Rapetti, Martin and Skott, Peter and Razmi, Arslan},
  journal={International Review of Applied Economics},
  volume={26},
  number={6},
  pages={735--753},
  year={2012},
  publisher={Taylor \& Francis}
}


@article{chinn2006primer,
  title={A primer on real effective exchange rates: determinants, overvaluation, trade flows and competitive devaluation},
  author={Chinn, Menzie D},
  journal={Open economies review},
  volume={17},
  number={1},
  pages={115--143},
  year={2006},
  publisher={Springer}
}


@article{hausmann2007you,
  title={What you export matters},
  author={Hausmann, Ricardo and Hwang, Jason and Rodrik, Dani},
  journal={Journal of economic growth},
  volume={12},
  number={1},
  pages={1--25},
  year={2007},
  publisher={Springer}
}

@article{hausmann2005growth,
  title={Growth accelerations},
  author={Hausmann, Ricardo and Pritchett, Lant and Rodrik, Dani},
  journal={Journal of economic growth},
  volume={10},
  number={4},
  pages={303--329},
  year={2005},
  publisher={Springer}
}


@book{freund2008export,
  title={Export surges: the power of a competitive currency},
  author={Freund, Caroline and Pierola, Martha Denisse},
  year={2008},
  publisher={The World Bank}
}

@article{quundervaluation,
  title={Undervaluation, Institutions, and Development},
  author={Qu, Guangjun and Sylwester, Kevin}
}



@article{couharde2013currency,
  title={How do currency misalignmentsâ€™ threshold affect economic growth?},
  author={Couharde, C{\'e}cile and Sallenave, Audrey},
  journal={Journal of Macroeconomics},
  volume={36},
  pages={106--120},
  year={2013},
  publisher={Elsevier}
}

@article{alejandro1963note,
  title={A Note on the Impact of Devaluation and the Redistributive Effect},
  author={Alejandro, Carlos F D{\'\i}az},
  journal={Journal of Political Economy},
  volume={71},
  number={6},
  pages={577--580},
  year={1963},
  publisher={The University of Chicago Press}
}